@article{ligue2022deep,
	title   = {{Deep Learning Approach to Forecasting Dengue Cases in Davao City Using Long Short-Term Memory (LSTM)}},
	author  = {Ligue, Kim Dianne B and Ligue, Kristine Joy B},
	journal = {Philippine Journal of Science},
	volume  = {151},
	number  = {3},
	year    = {2022}
}

@online{bosano2023who,
	title   = {{WHO: PH Most Affected by Dengue in Western Pacific}},
	author  = {Bosano, Raphael},
	year    = {2023},
	url     = {https://news.abs-cbn.com/spotlight/12/22/23/who-ph-most-affected-by-dengue-in-western-pacific},
	urldate = {Use the date of access}
}

@online{lena2024,
	title   = {{Iloilo Beefs Up Efforts Amid Hike in Dengue Cases}},
	author  = {Perla},
	year    = {2024},
	url     = {https://www.pna.gov.ph/articles/1231208},
	urldate = {Use the date of access}
}

@online{WHO2024,
	title   = {{Dengue and Severe Dengue}},
	author  = {WHO},
	year    = {2024},
	url     = {https://www.who.int/news-room/fact-sheets/detail/dengue-and-severe-dengue},
	urldate = {Use the date of access}
}

@online{rabdash,
	title   = {{RabDash DC}},
	author  = {RabDashDC},
	year    = {2024},
	url     = {https://rabdash.com},
	urldate = {Use the date of access}
}

@article{ahmadini2021analysis,
	title     = {{Analysis and Forecast of the Number of Deaths, Recovered Cases, and Confirmed Cases from COVID-19 for the Top Four Affected Countries Using Kalman Filter}},
	author    = {Ahmadini, Abdullah Ali H and Naeem, Muhammad and Aamir, Muhammad and Dewan, Raimi and Alshqaq, Shokrya Saleh A and Mashwani, Wali Khan},
	journal   = {Frontiers in Physics},
	volume    = {9},
	pages     = {629320},
	year      = {2021},
	publisher = {Frontiers Media SA}
}

@inproceedings{li2022applications,
	title        = {{Applications of Kalman Filtering in Time Series Prediction}},
	author       = {Li, Xuegui and Feng, Shuo and Hou, Nan and Li, Hanyang and Zhang, Shuai and Jian, Zhen and Zi, Qianlong},
	booktitle    = {International Conference on Intelligent Robotics and Applications},
	pages        = {520--531},
	year         = {2022},
	organization = {Springer}
}

@article{arroyo2021tracking,
	title     = {{Tracking R of COVID-19: A New Real-Time Estimation Using the Kalman Filter}},
	author    = {Arroyo-Marioli, Francisco and Bullano, Francisco and Kucinskas, Simas and Rondón-Moreno, Carlos},
	journal   = {PLOS ONE},
	volume    = {16},
	number    = {1},
	pages     = {e0244474},
	year      = {2021},
	publisher = {Public Library of Science San Francisco, CA USA}
}

@article{colon2013effects,
	title     = {{The Effects of Weather and Climate Change on Dengue}},
	author    = {Colón-González, Felipe J and Fezzi, Carlo and Lake, Iain R and Hunter, Paul R},
	journal   = {PLOS Neglected Tropical Diseases},
	volume    = {7},
	number    = {11},
	pages     = {e2503},
	year      = {2013},
	publisher = {Public Library of Science San Francisco, USA}
}

@article{cheong2013assessing,
	title     = {{Assessing Weather Effects on Dengue Disease in Malaysia}},
	author    = {Cheong, Yoon Ling and Burkart, Katrin and Leitão, Pedro J and Lakes, Tobia},
	journal   = {International Journal of Environmental Research and Public Health},
	volume    = {10},
	number    = {12},
	pages     = {6319--6334},
	year      = {2013},
	publisher = {Multidisciplinary Digital Publishing Institute}
}

@article{hii2012forecast,
	title     = {{Forecast of Dengue Incidence Using Temperature and Rainfall}},
	author    = {Hii, Yien Ling and Zhu, Huaiping and Ng, Nawi and Ng, Lee Ching and Rocklöv, Joacim},
	journal   = {{PLOS Neglected Tropical Diseases}},
	volume    = {6},
	number    = {11},
	pages     = {e1908},
	year      = {2012},
	publisher = {Public Library of Science San Francisco, USA}
}


@misc{github-no-date,
  title = {{About GitHub and Git - GitHub Docs}},
  url   = {https://docs.github.com/en/get-started/start-your-journey/about-github-and-git}
}
@article{sawers-2023,
  author = {Sawers, Paul},
  month  = {1},
  title  = {{GitHub says it now has 100M active users}},
  year   = {2023},
  url    = {https://techcrunch.com/2023/01/26/github-says-it-now-has-100m-active-users/}
}
@misc{vscode-2021,
  month = {11},
  title = {{Why Visual Studio Code?}},
  year  = {2021},
  url   = {https://code.visualstudio.com/docs/editor/whyvscode}
}
@misc{django-no-date,
  month = {11},
  title = {{Django introduction - Learn web development | MDN}},
  year  = {2024},
  url   = {https://developer.mozilla.org/en-US/docs/Learn/Server-side/Django/Introduction}
}
@misc{statista-2024,
  author = {Statista},
  month  = {8},
  title  = {{Most popular web frameworks among developers worldwide 2024}},
  year   = {2024},
  url    = {https://www.statista.com/statistics/1124699/worldwide-developer-survey-most-used-frameworks-web/}
}
@misc{postman-no-date,
  title = {{What is Postman? Postman API Platform}},
  url   = {https://www.postman.com/product/what-is-postman/}
}
@misc{christie-no-date,
  author = {Christie, Tom},
  title  = {{Home - Django REST framework}},
  url    = {https://www.django-rest-framework.org/}
}
@misc{chartjs-no-date,
  title = {{Chart.js}},
  url   = {https://www.chartjs.org/}
}
@misc{leaflet-no-date,
  title = {{Leaflet — an open-source JavaScript library for interactive maps}},
  url   = {https://leafletjs.com/}
}
@article{laoyan-2024,
  author = {Laoyan, Sarah},
  month  = {2},
  title  = {{What Is Agile Methodology? (A Beginner’s Guide) [2024] • Asana}},
  year   = {2024},
  url    = {https://asana.com/resources/agile-methodology}
}

@article{bertolini-2023,
  author = {Bertolini, Riccardo},
  month  = {9},
  title  = {{The Rise of Next.js and why it’s becoming more popular than React}},
  year   = {2023},
  url    = {https://medium.com/@rickmint/why-next-js-is-becoming-the-new-stardard-of-web-development-ff178d7e5a48}
}
@misc{react-leaflet-no-date,
  title = {{Introduction | React Leaflet}},
  url   = {https://react-leaflet.js.org/docs/start-introduction/}
}
@misc{joel-2021,
  author = {Joel, Charlie},
  month  = {10},
  title  = {{6 reasons to use Tailwind over traditional CSS}},
  year   = {2021},
  url    = {https://dev.to/charliejoel/6-reasons-to-use-tailwind-over-traditional-css-1nc3}
}
@misc{shadcn-no-date,
  author = {Shadcn},
  title  = {{Introduction}},
  url    = {https://ui.shadcn.com/docs}
}

@misc{tailwind-no-date,
  title = {{Tailwind CSS - Rapidly build modern websites without ever leaving your HTML.}},
  url   = {https://tailwindcss.com/}
}


@online{WHO2023,
	title   = {{Dengue – Global Situation}},
	author  = {{World Health Organization (WHO)}},
	year    = {2023},
	url     = {https://www.who.int/emergencies/disease-outbreak-news/item/2023-DON498},
	urldate = {Accessed: 2025-04-26}
}

@online{PNA2024,
	title   = {{Iloilo Beefs Up Efforts Amid Hike in Dengue Cases}},
	author  = {Lena, Perla},
	year    = {2024},
	url     = {https://www.pna.gov.ph/articles/1231208},
	urldate = {Accessed: 2025-04-26}
}

@misc{zod-nd,
	author = {Zod},
	title  = {{TypeScript-First Schema Validation with Static Type Inference}},
	url    = {https://zod.dev/?id=introduction},
	note   = {Accessed: 2025-04-26}
}

@article{bravo2014epidemiology,
	title={{Epidemiology of Dengue Disease in the Philippines (2000--2011): A Systematic Literature Review}},
	author={Bravo, Lulu and Roque, Vito G and Brett, Jeremy and Dizon, Ruby and L'Azou, Ma\"ina},
	journal={{PLOS Neglected Tropical Diseases}},
	volume={8},
	number={11},
	pages={e3027},
	year={2014},
	publisher={Public Library of Science San Francisco, USA}
}

@article{zhou2024dengue,
	title={{What Is Dengue?}},
	author={Zhou, Shiwei and Malani, Preeti},
	journal={JAMA},
	volume={332},
	number={10},
	pages={850--850},
	year={2024},
	publisher={American Medical Association}
}


@article{carvajal2018machine,
	title={{Machine Learning Methods Reveal the Temporal Pattern of Dengue Incidence Using Meteorological Factors in Metropolitan Manila, Philippines}},
	author={Carvajal, Thaddeus M and Viacrusis, Katherine M and Hernandez, Lara Fides T and Ho, Howell T and Amalin, Divina M and Watanabe, Kozo},
	journal={{BMC Infectious Diseases}},
	volume={18},
	pages={1--15},
	year={2018},
	publisher={Springer}
}

@article{who2018philippines,
	author={{World Health Organization (WHO)}},
	title={Dengue and Severe Dengue in the Philippines},
	journal={{WHO Dengue Factsheet}},
	year={2018},
	note={Available at: \url{https://www.who.int}}
}

@article{watts2020climate,
	author={{Watts, David M and Burke, Donald S and Harrison, Bruce A and Whitmire, Ralph E and Nisalak, Ananda}},
	title={Effect of Temperature on the Transmission of Dengue Virus by *Aedes aegypti*},
	journal={{The American Journal of Tropical Medicine and Hygiene}},
	volume={36},
	number={1},
	pages={143--152},
	year={2020},
	publisher={American Society of Tropical Medicine and Hygiene}
}

@article{runge2016dengue,
	title={{Dengue Contingency Planning: From Research to Policy and Practice}},
	author={Runge-Ranzinger, Silvia and Kroeger, Axel and Olliaro, Piero and McCall, Philip J and Sánchez Tejeda, Gustavo and Lloyd, Linda S and Hakim, Lokman and Bowman, Leigh R and Horstick, Olaf and Coelho, Giovanini},
	journal={{PLOS Neglected Tropical Diseases}},
	volume={10},
	number={9},
	pages={e0004916},
	year={2016},
	publisher={Public Library of Science San Francisco, CA USA}
}

@article{hemisphere2015update,
	title={{Update on the Dengue Situation in the Western Pacific Region}},
	author={Hemisphere, Northern},
	journal={Update},
	year={2015}
}

@article{brady2015dengue,
	title={{Dengue Disease Outbreak Definitions Are Implicitly Variable}},
	author={Brady, Oliver J and Smith, David L and Scott, Thomas W and Hay, Simon I},
	journal={Epidemics},
	volume={11},
	pages={92--102},
	year={2015},
	publisher={Elsevier}
}

@misc{babich_sus_usability_website,
	author={Babich, Nick},
	title={{How to Use the System Usability Scale (SUS) to Evaluate the Usability of Your Website},
	year={2015}},
	url={https://usabilitygeek.com/how-to-use-the-system-usability-scale-sus-to-evaluate-the-usability-of-your-website/},
	note={Accessed: 2025-04-26},
	publisher={Usability Geek}
}

@misc{bobbitt2021pearson,
	author={Bobbitt, Zach},
	title={{The Five Assumptions for Pearson Correlation}},
	year={2021},
	month={November 17},
	url={https://www.statology.org/pearson-correlation-assumptions/},
	note={Statology}
}

@misc{htoon2021log,
	author={Htoon, Kyaw Saw},
	title={{Log Transformation: Purpose and Interpretation}},
	year={2021},
	month={December},
	day={13},
	howpublished={\url{https://medium.com/@kyawsawhtoon/log-transformation-purpose-and-interpretation-9444b4b049c9}},
	note={Medium}
}

