@article{ligue2022deep,
	title={Deep Learning Approach to Forecasting Dengue Cases in Davao City Using Long Short-term Memory (LSTM).},
	author={Ligue, Kim Dianne B and Ligue, Kristine Joy B},
	journal={Philippine Journal of Science},
	volume={151},
	number={3},
	year={2022}
}

@online{bosano2023who,
	title = {WHO: PH most affected by dengue in Western Pacific.},
	author = {Bosano, Raphael},
	year = {2023},
	url = {https://news.abs-cbn.com/spotlight/12/22/23/who-ph-most-affected-by-dengue-in-western-pacific},
	urldate      = {Use the date of access}
}

@online{lena2024,
	title = {Iloilo beefs up efforts amid hike in dengue cases.},
	author = {Lena, Perla},
	year = {2024},
	url = {https://www.pna.gov.ph/articles/1231208},
	urldate      = {Use the date of access}
}

@online{WHO2024,
	title = {Dengue and severe dengue.},
	author = {World Health Organization},
	year = {2024},
	url = {https://www.who.int/news-room/fact-sheets/detail/dengue-and-severe-dengue},
	urldate      = {Use the date of access}
}

@online{rabdash,
	title = {RabDash DC.},
	author = {RabDashDC},
	year = {2024},
	url = {https://rabdash.com},
	urldate      = {Use the date of access}
}

@article{ahmadini2021analysis,
	title={Analysis and forecast of the number of deaths, recovered cases, and confirmed cases from COVID-19 for the top four affected countries using Kalman filter},
	author={Ahmadini, Abdullah Ali H and Naeem, Muhammad and Aamir, Muhammad and Dewan, Raimi and Alshqaq, Shokrya Saleh A and Mashwani, Wali Khan},
	journal={Frontiers in Physics},
	volume={9},
	pages={629320},
	year={2021},
	publisher={Frontiers Media SA}
}

@inproceedings{li2022applications,
	title={Applications of Kalman filtering in time series prediction},
	author={Li, Xuegui and Feng, Shuo and Hou, Nan and Li, Hanyang and Zhang, Shuai and Jian, Zhen and Zi, Qianlong},
	booktitle={International Conference on Intelligent Robotics and Applications},
	pages={520--531},
	year={2022},
	organization={Springer}
}

@article{arroyo2021tracking,
	title={Tracking R of COVID-19: A new real-time estimation using the Kalman filter},
	author={Arroyo-Marioli, Francisco and Bullano, Francisco and Kucinskas, Simas and Rond{\'o}n-Moreno, Carlos},
	journal={PloS one},
	volume={16},
	number={1},
	pages={e0244474},
	year={2021},
	publisher={Public Library of Science San Francisco, CA USA}
}

@article{colon2013effects,
	title={The effects of weather and climate change on dengue},
	author={Col{\'o}n-Gonz{\'a}lez, Felipe J and Fezzi, Carlo and Lake, Iain R and Hunter, Paul R},
	journal={PLoS neglected tropical diseases},
	volume={7},
	number={11},
	pages={e2503},
	year={2013},
	publisher={Public Library of Science San Francisco, USA}
}

@article{cheong2013assessing,
	title={Assessing weather effects on dengue disease in Malaysia},
	author={Cheong, Yoon Ling and Burkart, Katrin and Leit{\~a}o, Pedro J and Lakes, Tobia},
	journal={International journal of environmental research and public health},
	volume={10},
	number={12},
	pages={6319--6334},
	year={2013},
	publisher={Multidisciplinary Digital Publishing Institute}
}

@article{hii2012forecast,
	title={Forecast of dengue incidence using temperature and rainfall},
	author={Hii, Yien Ling and Zhu, Huaiping and Ng, Nawi and Ng, Lee Ching and Rockl{\"o}v, Joacim},
	journal={PLoS neglected tropical diseases},
	volume={6},
	number={11},
	pages={e1908},
	year={2012},
	publisher={Public Library of Science San Francisco, USA}
}